@article{bezanson2017julia,
  title={Julia: A fresh approach to numerical computing},
  author={Bezanson, Jeff and Edelman, Alan and Karpinski, Stefan and Shah, Viral B},
  journal={SIAM review},
  volume={59},
  number={1},
  pages={65--98},
  year={2017},
  publisher={SIAM},
  doi = {10.1137/141000671}
}

@article{Moore1990,
	author = {Moore, James T. and Bard, Jonathan F.},
	doi = {10.1287/opre.38.5.911},
	issn = {0030-364X},
	journal = {Operations Research},
	keywords = {games: noncooperative,integer: branch-and-bound algorithms,programming},
	mendeley-groups = {bilevel - hierarchical},
	month = {oct},
	number = {5},
	pages = {911--921},
	publisher = { INFORMS },
	title = {{The Mixed Integer Linear Bilevel Programming Problem}},
	url = {http://pubsonline.informs.org/doi/abs/10.1287/opre.38.5.911},
	volume = {38},
	year = {1990}
}

@article{dowson_sddp.jl,
	title = {{SDDP}.jl: a {Julia} package for {Stochastic} {Dual} {Dynamic} {Programming}},
	url = {http://www.optimization-online.org/DB_HTML/2017/12/6388.html},
	journal = {Optimization Online},
	author = {Dowson, Oscar and Kapelevich, Lea},
	year = {2017}
}

@article{pereira1989optimal,
  title={Optimal stochastic operations scheduling of large hydroelectric systems},
  author={Pereira, MVF},
  journal={International Journal of Electrical Power \& Energy Systems},
  volume={11},
  number={3},
  pages={161--169},
  year={1989},
  publisher={Elsevier},
  doi = {10.1016/0142-0615(89)90025-2}
}

@article{pereira1991multi,
  title={Multi-stage stochastic optimization applied to energy planning},
  author={Pereira, Mario VF and Pinto, Leontina MVG},
  journal={Mathematical programming},
  volume={52},
  number={1-3},
  pages={359--375},
  year={1991},
  publisher={Springer},
  doi = {10.1007/bf01582895}
}

@article{philpott2013solving,
  title={On solving multistage stochastic programs with coherent risk measures},
  author={Philpott, Andy and de Matos, Vitor and Finardi, Erlon},
  journal={Operations Research},
  volume={61},
  number={4},
  pages={957--970},
  year={2013},
  publisher={INFORMS},
  doi = {10.1287/opre.2013.1175}
}

@article{baucke2017deterministic,
  title={A deterministic algorithm for solving multistage stochastic programming problems},
  author={Baucke, Regan and Downward, Anthony and Zakeri, Golbon},
  journal={Optimization Online},
  year={2017}
}

@book{shapiro2009lectures,
  title={Lectures on stochastic programming: modeling and theory},
  author={Shapiro, Alexander and Dentcheva, Darinka and Ruszczy{\'n}ski, Andrzej},
  year={2009},
  publisher={SIAM}
}

@ARTICLE{7859406, 
author={A. Brigatto and A. Street and D. M. Valladão}, 
journal={IEEE Transactions on Power Systems}, 
title={Assessing the Cost of Time-Inconsistent Operation Policies in Hydrothermal Power Systems}, 
year={2017}, 
volume={32}, 
number={6}, 
pages={4541-4550}, 
keywords={dynamic programming;hydrothermal power systems;power generation economics;power generation planning;power markets;power system security;power transmission lines;pricing;stochastic programming;SDDP framework;hydrothermal operation planning;time-inconsistent operation policies;hydrothermal power systems;long-term planning studies;hydrothermal power system operation;stochastic dual dynamic programming algorithm;computational savings;planning stage;time-inconsistent policies;cost assessment;transmission line modeling;security criteria;energy market spot prices;unexpected reservoir depletion;Planning;Time measurement;Biological system modeling;Approximation algorithms;Stochastic processes;Reservoirs;Mathematical model;Hydrothermal power system operation planning;stochastic dual dynamic programming (SDDP);time inconsistency}, 
doi={10.1109/TPWRS.2017.2672204}, 
ISSN={0885-8950}, 
month={Nov},}

@inproceedings{8442948, 
  author = {Carleton Coffrin and Russell Bent and Kaarthik Sundar and Yeesian Ng and Miles Lubin}, 
  title = {PowerModels.jl: An Open-Source Framework for Exploring Power Flow Formulations}, 
  booktitle = {2018 Power Systems Computation Conference (PSCC)}, 
  year = {2018},
  month = {June},
  pages = {1-8}, 
  doi = {10.23919/PSCC.2018.8442948}
}

@article{DunningHuchetteLubin2017,
author = {Iain Dunning and Joey Huchette and Miles Lubin},
title = {JuMP: A Modeling Language for Mathematical Optimization},
journal = {SIAM Review},
volume = {59},
number = {2},
pages = {295-320},
year = {2017},
doi = {10.1137/15M1020575},
}

@misc{andrew_david_werner_rosemberg_2019_2628748,
  author       = {Andrew David Werner Rosemberg},
  title        = {andrewrosemberg/HydroPowerModels.jl: v0.0.2},
  month        = apr,
  year         = 2019,
  doi          = {10.5281/zenodo.2628748},
  url          = {https://doi.org/10.5281/zenodo.2628748}
}

@misc{FATS,
  author       = {Léopold Cambier and Damien Scieur},
  title        = {leopoldcambier/FAST: v0.9.1b},
  month        = mar,
  year         = 2018,
  url          = {https://github.com/leopoldcambier/FAST}
}

@article{leclerestochdynamicprogramming,
  title={StochDynamicProgramming. jl a Julia library for multistage stochastic optimization},
  author={Lecl{\`e}re, Vincent and G{\'e}rard, Henri and Pacaud, Fran{\c{c}}ois and Rigaut, Tristan}
}

@misc{lohndorf2018quasar,
  title={QUASAR Optimization Software 2.4},
  author={L{\"o}hndorf, N},
  year={2018},
  url = {http://www.quantego.com/}
}

@article{raso2016optimist,
  title={Optimist: a Python library for Water System Optimal Operation and Analysis using SDDP},
  author={Raso, Luciano and Dorchies, David and Kwakkel, Jan and Malaterre, Pierre Olivier},
  year={2016}
}

@misc{Lingquan2019,
  author = {Lingquan Ding, Shabbir Ahmed, Alexander Shapiro},
  title={A Python package for multi-stage stochastic programming},
  year = {2019},
  month = may,
  url = {http://www.optimization-online.org/DB_HTML/2019/05/7199.html}
}

@misc{StructDualDynProg,
  author       = {Benoît Legat},
  title        = {JuliaStochOpt/StructDualDynProg.jl: v0.2.0},
  month        = oct,
  year         = 2018,
  url          = {https://github.com/JuliaStochOpt/StructDualDynProg.jl}
}

@article{artzner1999coherent,
  title={Coherent measures of risk},
  author={Artzner, Philippe and Delbaen, Freddy and Eber, Jean-Marc and Heath, David},
  journal={Mathematical finance},
  volume={9},
  number={3},
  pages={203--228},
  year={1999},
  publisher={Wiley Online Library}
}

@article{carpentier1962contribution,
  title={Contribution to the economic dispatch problem},
  author={Carpentier, J},
  journal={Bulletin de la Societe Francoise des Electriciens},
  volume={3},
  number={8},
  pages={431--447},
  year={1962}
}

@article{molzahn2019survey,
  title={A survey of relaxations and approximations of the power flow equations},
  author={Molzahn, Daniel K and Hiskens, Ian A and others},
  journal={Foundations and Trends{\textregistered} in Electric Energy Systems},
  volume={4},
  number={1-2},
  pages={1--221},
  year={2019},
  publisher={Now Publishers, Inc.},
  doi = {10.1561/9781680835410}
}

@article{donohue2006abridged,
  title={The abridged nested decomposition method for multistage stochastic linear programs with relatively complete recourse},
  author={Donohue, Christopher J and Birge, John R},
  journal={Algorithmic Operations Research},
  volume={1},
  number={1},
  year={2006}
}

@article{chen1999convergent,
  title={Convergent cutting-plane and partial-sampling algorithm for multistage stochastic linear programs with recourse},
  author={Chen, Zhi-Long and Powell, Warren B},
  journal={Journal of Optimization Theory and Applications},
  volume={102},
  number={3},
  pages={497--524},
  year={1999},
  publisher={Springer},
  doi = {10.1023/a:1022641805263}
}

@misc{psr_software_2019,
  title = {Software | {{PSR}}},
  url = {http://www.psr-inc.com/softwares-en/},
  author = {{PSR}},
  year = {2019},
  note = {[Online; accessed 2019-07-06]}
}

@incollection{terlaky_marginal_2017,
  address = {Philadelphia, PA},
  title = {On the {{Marginal Value}} of {{Water}} for {{Hydroelectricity}}},
  booktitle = {Advances and {{Trends}} in {{Optimization}} with {{Engineering Applications}}},
  publisher = {{Society for Industrial and Applied Mathematics}},
  author = {Philpott, Andy},
  editor = {Terlaky, Tam{\'a}s and Anjos, Miguel F. and Ahmed, Shabbir},
  year = {2017},
  pages = {405-425}
}

@article{maceira_ten_2008,
  title = {Ten Years of Application of Stochastic Dual Dynamic Programming in Official and Agent Studies in {{Brazil}}: Description of the {{NEWAVE}} Program},
  urldate = {2016-05-09},
  url = {http://pscc.ee.ethz.ch/uploads/tx_ethpublications/pscc2008_704.pdf},
  journal = {16th PSCC, Glasgow, Scotland},
  author = {Maceira, Maria Elvira Pineiro and Duarte, V. S. and Penna, D. D. J. and Moraes, L. A. M. and Melo, A. C. G.},
  year = {2008},
  pages = {14--18}
}

@book{bertsekas1995dynamic,
  title={Dynamic programming and optimal control},
  author={Bertsekas, Dimitri P and Bertsekas, Dimitri P and Bertsekas, Dimitri P and Bertsekas, Dimitri P},
  volume={1},
  number={2},
  year={1995},
  publisher={Athena scientific Belmont, MA}
}

@article{bellman1966dynamic,
  title={Dynamic programming},
  author={Bellman, Richard},
  journal={Science},
  volume={153},
  number={3731},
  pages={34--37},
  year={1966},
  publisher={American Association for the Advancement of Science}
}

@inproceedings{maceiral2018twenty,
  title={Twenty Years of Application of Stochastic Dual Dynamic Programming in Official and Agent Studies in Brazil-Main Features and Improvements on the NEWAVE Model},
  author={Maceiral, MEP and Penna, DDJ and Diniz, AL and Pinto, RJ and Melo, ACG and Vasconcellos, CV and Cruz, CB},
  booktitle={2018 Power Systems Computation Conference (PSCC)},
  pages={1--7},
  year={2018},
  organization={IEEE},
  doi = {10.23919/pscc.2018.8442754}
}
